@article{2008genepop,
  title={genepop'007: a complete re‐implementation of the genepop software for Windows and Linux},
  author={ Rousset, Franois },
  journal={Molecular Ecology Resources},
  volume={8},
  number={1},
  year={2008},
}

@article{2006Understanding,
  title={Understanding the Linux kernel =},
  author={ Bovet, D. P.  and  Cesati, M. },
  journal={东南大学出版社},
  year={2006},
}

@misc{mandelbrot1,
  title={Unveiling the Mandelbrot set},
  author={Robert Devaney},
  howpublished={https://plus.maths.org/content/unveiling-mandelbrot-set},
}

@misc{mandelbrot2,
  howpublished={https://www.math.univ-toulouse.fr/~cheritat/wiki-draw/index.php/Mandelbrot\_set},
  title={Mandelbrot set},
}

@article{STAMPS2002163,
title = {Fractals, skylines, nature and beauty},
journal = {Landscape and Urban Planning},
volume = {60},
number = {3},
pages = {163-184},
year = {2002},
issn = {0169-2046},
doi = {https://doi.org/10.1016/S0169-2046(02)00054-3},
url = {https://www.sciencedirect.com/science/article/pii/S0169204602000543},
author = {Arthur E. Stamps},
keywords = {Landscape assessment, Skylines, Fractals, Contextual fit},
}

@incollection{DEVANEY2010125,
title = {Chapter 4 - Complex Exponential Dynamics},
editor = {H.W. Broer and B. Hasselblatt and F. Takens},
series = {Handbook of Dynamical Systems},
publisher = {Elsevier Science},
volume = {3},
pages = {125-223},
year = {2010},
issn = {1874-575X},
doi = {https://doi.org/10.1016/S1874-575X(10)00312-7},
url = {https://www.sciencedirect.com/science/article/pii/S1874575X10003127},
author = {Robert L. Devaney}
}
@article{ref1,
  title={genepop'007: a complete re‐implementation of the genepop software for Windows and Linux},
  author={ Rousset, Franois },
  journal={Molecular Ecology Resources},
  volume={8},
  number={1},
  year={2008},
}
@article{ref2,
  title={Motivation of software developers in Open Source projects: an Internet-based survey of contributors to the Linux kernel},
  author={ Hertel, G.  and  Niedner, S.  and  Herrmann, S. },
  journal={Research Policy},
  volume={32},
  number={7},
  pages={1159-1177},
  year={2003},
}
@article{2013Topological,
  title={Topological entropy of quadratic polynomials and dimension of sections of the Mandelbrot set},
  author={ Tiozzo, G. },
  year={2013},
}
@misc{ref3,
   author = {Juan Carlos Ponce Campuzano 2019-2022},
   title = {The Julia Set},
   howpublished = {https://complex-analysis.com/content/julia\_set.html}

}
@misc{ref4,
   author = {Artin},
   title = {Julia集 | 复变函数的分形之美},
   howpublished = {https://zhuanlan.zhihu.com/p/359051218}

}
@misc{ref5,
   author = {Eason},
   title = {神奇的分形艺术: Mandelbrot集和Julia集},
   howpublished = {https://blog.csdn.net/article/details/89739231}

}
@misc{ref6,
   title = {Julia Sets and the Mandelbrot Set},
   howpublished = {https://e.math.cornell.edu/people/belk/NotesJuliaMandelbrot.pdf}

}


